@online{UnityDocsAssetWorkflow,
    author={Unity Technologies},
    title={Unity - Manual:  Asset workflow},
    day={21},
    month={4},
    year={2023},
    urldate={2023-04-26},
    url={https://docs.unity3d.com/2022.2/Documentation/Manual/AssetWorkflow.html}
}

@online{UnityDocsGameObject,
	author={Unity Technologies},
	title={Unity - Manual:  Important Classes - GameObject},
	day={21},
	month={4},
	year={2023},
	urldate={2023-04-26},
	url={https://docs.unity3d.com/2022.2/Documentation/Manual/AssetWorkflow.html}
}

@online{Unity2DAnnouncement,
	author={Will Goldstone},
	title={Unity 4.3: 2D Game Development Overview | Unity Blog},
	day={12},
	month={11},
	year={2013},
	urldate={2023-04-26},
	url={https://blog.unity.com/technology/unity-4-3-2d-game-development-overview}
}

